@Book{
KleTar2006,
    Author = {Kleinberg, Jon and Tardos, \'Eva},
    Title = {Algorithm Design},
    Publisher = {Pearson},
    Year = {2006} 
}

@article{AndCri2011,
  author          = {Marti J. Anderson and Thomas O. Crist and Jonathan M. Chase and Mark Vellend and Brian D. Inouye and Amy L. Freestone and Nathan J. Sanders and Howard V. Cornell and Liza S. Comita and Kendi F. Davies and Susan P. Harrison and Nathan J. B. Kraft and James C. Stegen and Nathan G. Swenson},
  title           = {Navigating the multiple meanings of \textbeta{} diversity: a roadmap for the practicing ecologist},
  journal         = {Ecology Letters},
  doi             = {10.1111/j.1461-0248.2010.01552.x},
  number          = {14},
  pages           = {19 - 28},
  year            = {2011}
}

@article{JurRet2009,
  author          = {Gerald Jurasinski and Vroni Retzer and Carl Beierkuhnlein},
  title           = {Inventory, Differentiation, and Proportional Diversity: A Consistent Terminology for Quantifying Species Diversity},
  journal         = {Oecologia},
  volume          = {159},
  doi             = {10.1007/s00442-008-1190-z},
  pages           = {15-26},
  year            = {2009}
}


@article{Vel2001,
  author          = {Mark Vellend},
  title           = {Do commonly used indices of \textbeta{-}diversity measure species turnover?},
  journal         = {Journal of Vegetation Science},
  volume          = {12},
  doi             = {10.2307/3237006},
  pages           = {454-552},
  year            = {2001}
}

@article{SpeBal2014,
  author          = {Doug Speed and David J. Balding},
  journal         = {Nature Reviews Genetics},
  doi             = {10.1038/nrg3821},
  title           = {Relatedness in the post-genomic era: is it still useful?},
  volume          = {6},
  year            = {2014}
}